<record><header><identifier>oai:aleph-nkp.cz:DNT01-000074726</identifier><datestamp>2021-08-01T12:13:22Z</datestamp><setSpec>DNT-ALL</setSpec></header><metadata><marc:record xmlns:marc="http://www.loc.gov/MARC21/slim"
xmlns:xsi="http://www.w3.org/2001/XMLSchema-instance"
xsi:schemaLocation="http://www.loc.gov/MARC21/slim
http://www.loc.gov/standards/marcxml/schema/MARC21slim.xsd"><marc:leader>     nam a22     2a 4500</marc:leader><marc:controlfield tag="001">000074726</marc:controlfield><marc:controlfield tag="003">CZ PrDNT</marc:controlfield><marc:controlfield tag="005">20050525144715.0</marc:controlfield><marc:controlfield tag="007">ta</marc:controlfield><marc:controlfield tag="008">050301s1928    xr            000 | cze d</marc:controlfield><marc:datafield tag="035" ind1=" " ind2=" "><marc:subfield code="a">(CZ-PrSKC)000765111</marc:subfield></marc:datafield><marc:datafield tag="040" ind1=" " ind2=" "><marc:subfield code="a">BOA001</marc:subfield><marc:subfield code="b">cze</marc:subfield><marc:subfield code="c">BOA001</marc:subfield></marc:datafield><marc:datafield tag="245" ind1="0" ind2="0"><marc:subfield code="a">Katalog oddělení Svazu československého díla :</marc:subfield><marc:subfield code="b">Svaz československého díla, Ústředí uměleckého průmyslu v Republice Československé, se sídlem v Praze : výstava soudobé kultury v Brně : květen-říjen 1928 : hlavní obchodně-průmyslový palác, (Paprsek Hlinky), obytný dům (Na Nivkách)</marc:subfield></marc:datafield><marc:datafield tag="246" ind1="3" ind2="4"><marc:subfield code="a">SČSD</marc:subfield></marc:datafield><marc:datafield tag="246" ind1="3" ind2="4"><marc:subfield code="a">Výstava soudobé kultury v Brně 1928</marc:subfield></marc:datafield><marc:datafield tag="246" ind1="3" ind2="4"><marc:subfield code="a">Svaz československého díla</marc:subfield></marc:datafield><marc:datafield tag="260" ind1=" " ind2=" "><marc:subfield code="a">[Praha] :</marc:subfield><marc:subfield code="b">Svaz československého díla,</marc:subfield><marc:subfield code="c">[1928?]</marc:subfield></marc:datafield><marc:datafield tag="300" ind1=" " ind2=" "><marc:subfield code="a">65 s., 20 obr. příl.</marc:subfield></marc:datafield><marc:datafield tag="500" ind1=" " ind2=" "><marc:subfield code="a">Dostupné též v digitální podobě v aplikaci Kramerius</marc:subfield></marc:datafield><marc:datafield tag="856" ind1="4" ind2="1"><marc:subfield code="u">http://krameriusndk.nkp.cz/search/handle/uuid:37e46e60-5d12-11e5-bc53-005056827e52</marc:subfield><marc:subfield code="y">Digitalizovaný dokument</marc:subfield></marc:datafield><marc:datafield tag="956" ind1="4" ind2=" "><marc:subfield code="u">http://krameriusndk.nkp.cz/search/handle/uuid:37e46e60-5d12-11e5-bc53-005056827e52</marc:subfield><marc:subfield code="9">A</marc:subfield></marc:datafield><marc:datafield tag="990" ind1=" " ind2=" "><marc:subfield code="a">A</marc:subfield></marc:datafield><marc:datafield tag="992" ind1=" " ind2=" "><marc:subfield code="s">A</marc:subfield><marc:subfield code="a">20200101</marc:subfield><marc:subfield code="b">batch</marc:subfield></marc:datafield><marc:datafield tag="998" ind1=" " ind2=" "><marc:subfield code="a">DNT01-000074726</marc:subfield></marc:datafield></marc:record></metadata></record>