<record><header><identifier>oai:aleph-nkp.cz:DNT01-000119175</identifier><datestamp>2021-08-01T12:13:22Z</datestamp><setSpec>DNT-ALL</setSpec></header><metadata><marc:record xmlns:marc="http://www.loc.gov/MARC21/slim"
xmlns:xsi="http://www.w3.org/2001/XMLSchema-instance"
xsi:schemaLocation="http://www.loc.gov/MARC21/slim
http://www.loc.gov/standards/marcxml/schema/MARC21slim.xsd"><marc:leader>     nam a22        4500</marc:leader><marc:controlfield tag="001">000119175</marc:controlfield><marc:controlfield tag="003">CZ PrDNT</marc:controlfield><marc:controlfield tag="005">19950816000000.0</marc:controlfield><marc:controlfield tag="007">tu</marc:controlfield><marc:controlfield tag="008">950524s1994    xr           u0|0 0 cze  </marc:controlfield><marc:datafield tag="015" ind1=" " ind2=" "><marc:subfield code="a">cnb000092579</marc:subfield></marc:datafield><marc:datafield tag="020" ind1=" " ind2=" "><marc:subfield code="a">80-85618-23-0</marc:subfield><marc:subfield code="q">(brož.) :</marc:subfield><marc:subfield code="c">Kč 59,00</marc:subfield></marc:datafield><marc:datafield tag="035" ind1=" " ind2=" "><marc:subfield code="a">(CZ-PrSKC)np9531325</marc:subfield></marc:datafield><marc:datafield tag="040" ind1=" " ind2=" "><marc:subfield code="a">ABA001</marc:subfield><marc:subfield code="b">cze</marc:subfield></marc:datafield><marc:datafield tag="041" ind1="1" ind2=" "><marc:subfield code="a">cze</marc:subfield><marc:subfield code="h">ger</marc:subfield></marc:datafield><marc:datafield tag="100" ind1="1" ind2=" "><marc:subfield code="a">Bernd, Philipp</marc:subfield><marc:subfield code="4">aut</marc:subfield></marc:datafield><marc:datafield tag="245" ind1="1" ind2="0"><marc:subfield code="a">Musí existovat ženy? :</marc:subfield><marc:subfield code="b">Zvláštní přísně tajné vyznání lásky /</marc:subfield><marc:subfield code="c">Philipp Bernd, Xanten Sebastian ; Z něm. přel. Jana Paulová</marc:subfield></marc:datafield><marc:datafield tag="250" ind1=" " ind2=" "><marc:subfield code="a">1. čes. vyd.</marc:subfield></marc:datafield><marc:datafield tag="260" ind1=" " ind2=" "><marc:subfield code="a">Vimperk :</marc:subfield><marc:subfield code="b">Tina,</marc:subfield><marc:subfield code="c">1994</marc:subfield><marc:subfield code="e">(Vimperk :</marc:subfield><marc:subfield code="f">Tiskárny Vimperk)</marc:subfield></marc:datafield><marc:datafield tag="300" ind1=" " ind2=" "><marc:subfield code="a">106 s. ;</marc:subfield><marc:subfield code="c">20 cm</marc:subfield></marc:datafield><marc:datafield tag="520" ind1="2" ind2=" "><marc:subfield code="a">Humorné a ironické úvahy o ženách i o problémech manželského a partnerského soužití.</marc:subfield></marc:datafield><marc:datafield tag="653" ind1="0" ind2=" "><marc:subfield code="a">společenské postavení</marc:subfield><marc:subfield code="a">ženy</marc:subfield></marc:datafield><marc:datafield tag="655" ind1=" " ind2="7"><marc:subfield code="a">úvahy</marc:subfield><marc:subfield code="7">fd134000</marc:subfield><marc:subfield code="2">czenas</marc:subfield></marc:datafield><marc:datafield tag="700" ind1="1" ind2=" "><marc:subfield code="a">Dušková, Jana,</marc:subfield><marc:subfield code="d">1960-</marc:subfield><marc:subfield code="7">pna2011619105</marc:subfield><marc:subfield code="4">trl</marc:subfield></marc:datafield><marc:datafield tag="700" ind1="1" ind2=" "><marc:subfield code="a">Sebastian, Xanten</marc:subfield><marc:subfield code="4">aut</marc:subfield></marc:datafield><marc:datafield tag="765" ind1="0" ind2=" "><marc:subfield code="t">Müssen Frauen sein?</marc:subfield><marc:subfield code="9">Česky</marc:subfield></marc:datafield><marc:datafield tag="856" ind1="4" ind2="1"><marc:subfield code="u">http://krameriusndk.nkp.cz/search/handle/uuid:a691aa70-8e57-11e3-bd09-005056827e51</marc:subfield><marc:subfield code="y">Digitalizovaný dokument</marc:subfield></marc:datafield><marc:datafield tag="956" ind1="4" ind2=" "><marc:subfield code="u">http://krameriusndk.nkp.cz/search/handle/uuid:a691aa70-8e57-11e3-bd09-005056827e51</marc:subfield><marc:subfield code="9">A</marc:subfield></marc:datafield><marc:datafield tag="964" ind1=" " ind2=" "><marc:subfield code="a">ženy - postavení společenské - úvahy humoristické</marc:subfield></marc:datafield><marc:datafield tag="990" ind1=" " ind2=" "><marc:subfield code="a">A</marc:subfield></marc:datafield><marc:datafield tag="992" ind1=" " ind2=" "><marc:subfield code="s">PA</marc:subfield><marc:subfield code="a">20200731</marc:subfield><marc:subfield code="b">batch</marc:subfield></marc:datafield><marc:datafield tag="992" ind1=" " ind2=" "><marc:subfield code="s">A</marc:subfield><marc:subfield code="a">20210201</marc:subfield><marc:subfield code="b">batch</marc:subfield></marc:datafield><marc:datafield tag="998" ind1=" " ind2=" "><marc:subfield code="a">DNT01-000119175</marc:subfield></marc:datafield></marc:record></metadata></record>