<record><header><identifier>oai:aleph-nkp.cz:DNT01-000172210</identifier><datestamp>2021-08-01T12:13:22Z</datestamp><setSpec>DNT-ALL</setSpec></header><metadata><marc:record xmlns:marc="http://www.loc.gov/MARC21/slim"
xmlns:xsi="http://www.w3.org/2001/XMLSchema-instance"
xsi:schemaLocation="http://www.loc.gov/MARC21/slim
http://www.loc.gov/standards/marcxml/schema/MARC21slim.xsd"><marc:leader>     cam a22     7a 4500</marc:leader><marc:controlfield tag="001">000172210</marc:controlfield><marc:controlfield tag="003">CZ PrDNT</marc:controlfield><marc:controlfield tag="005">20131108000000.0</marc:controlfield><marc:controlfield tag="008">980819s1946    xr     g      000 0 cze  </marc:controlfield><marc:datafield tag="015" ind1=" " ind2=" "><marc:subfield code="a">cnb000394702</marc:subfield></marc:datafield><marc:datafield tag="035" ind1=" " ind2=" "><marc:subfield code="a">(CZ-PrSKC)vkol001050262</marc:subfield></marc:datafield><marc:datafield tag="040" ind1=" " ind2=" "><marc:subfield code="a">ABA001</marc:subfield><marc:subfield code="b">cze</marc:subfield><marc:subfield code="c">ABA001</marc:subfield><marc:subfield code="d">ABA001</marc:subfield><marc:subfield code="d">OLA001</marc:subfield></marc:datafield><marc:datafield tag="245" ind1="0" ind2="0"><marc:subfield code="a">Ukázky k přehledům literatury.</marc:subfield><marc:subfield code="n">3. [díl],</marc:subfield><marc:subfield code="p">Od poloviny XIX. století do realismu /</marc:subfield><marc:subfield code="c">vypracovala odborná komise Jednoty filologů československých obchodních učilišť ... podle základního rukopisu Jana Kaňky</marc:subfield></marc:datafield><marc:datafield tag="246" ind1="3" ind2="0"><marc:subfield code="a">Od poloviny XIX. století do realismu</marc:subfield></marc:datafield><marc:datafield tag="250" ind1=" " ind2=" "><marc:subfield code="a">Nezměněný dotisk vydání z r. 1945</marc:subfield></marc:datafield><marc:datafield tag="260" ind1=" " ind2=" "><marc:subfield code="a">Praha :</marc:subfield><marc:subfield code="b">Státní nakladatelství :</marc:subfield><marc:subfield code="b">Studijní ústav obchodního školství [distributor],</marc:subfield><marc:subfield code="c">1946</marc:subfield><marc:subfield code="f">(Státní nakladatelství)</marc:subfield></marc:datafield><marc:datafield tag="300" ind1=" " ind2=" "><marc:subfield code="a">116 s.</marc:subfield></marc:datafield><marc:datafield tag="700" ind1="1" ind2=" "><marc:subfield code="a">Kaňka, Jan,</marc:subfield><marc:subfield code="d">1897-1966</marc:subfield><marc:subfield code="7">jk01052860</marc:subfield><marc:subfield code="4">ant</marc:subfield></marc:datafield><marc:datafield tag="990" ind1=" " ind2=" "><marc:subfield code="a">A</marc:subfield></marc:datafield><marc:datafield tag="992" ind1=" " ind2=" "><marc:subfield code="s">PA</marc:subfield><marc:subfield code="a">20210131</marc:subfield><marc:subfield code="b">batch</marc:subfield></marc:datafield><marc:datafield tag="992" ind1=" " ind2=" "><marc:subfield code="s">A</marc:subfield><marc:subfield code="a">20210801</marc:subfield><marc:subfield code="b">batch</marc:subfield></marc:datafield><marc:datafield tag="998" ind1=" " ind2=" "><marc:subfield code="a">DNT01-000172210</marc:subfield></marc:datafield></marc:record></metadata></record>