<record><header><identifier>oai:aleph-nkp.cz:DNT01-000119176</identifier><datestamp>2021-08-01T12:13:22Z</datestamp><setSpec>DNT-ALL</setSpec></header><metadata><marc:record xmlns:marc="http://www.loc.gov/MARC21/slim"
xmlns:xsi="http://www.w3.org/2001/XMLSchema-instance"
xsi:schemaLocation="http://www.loc.gov/MARC21/slim
http://www.loc.gov/standards/marcxml/schema/MARC21slim.xsd"><marc:leader>     nam a22        4500</marc:leader><marc:controlfield tag="001">000119176</marc:controlfield><marc:controlfield tag="003">CZ PrDNT</marc:controlfield><marc:controlfield tag="005">20050509150229.0</marc:controlfield><marc:controlfield tag="007">tu</marc:controlfield><marc:controlfield tag="008">950418s1995    xr a   e      000 mbcze  </marc:controlfield><marc:datafield tag="015" ind1=" " ind2=" "><marc:subfield code="a">cnb000104972</marc:subfield></marc:datafield><marc:datafield tag="020" ind1=" " ind2=" "><marc:subfield code="a">80-85835-19-3</marc:subfield><marc:subfield code="q">(váz.) :</marc:subfield><marc:subfield code="c">Kč 145,00</marc:subfield></marc:datafield><marc:datafield tag="035" ind1=" " ind2=" "><marc:subfield code="a">(CZ-PrSKC)np9540299</marc:subfield></marc:datafield><marc:datafield tag="040" ind1=" " ind2=" "><marc:subfield code="a">ABA001</marc:subfield><marc:subfield code="b">cze</marc:subfield></marc:datafield><marc:datafield tag="043" ind1=" " ind2=" "><marc:subfield code="a">e-gx---</marc:subfield></marc:datafield><marc:datafield tag="045" ind1=" " ind2=" "><marc:subfield code="a">x3x4</marc:subfield></marc:datafield><marc:datafield tag="072" ind1=" " ind2="7"><marc:subfield code="a">355/359</marc:subfield><marc:subfield code="x">Vojenství. Obrana země. Ozbrojené síly</marc:subfield><marc:subfield code="2">Konspekt</marc:subfield><marc:subfield code="9">15</marc:subfield></marc:datafield><marc:datafield tag="072" ind1=" " ind2="7"><marc:subfield code="a">929</marc:subfield><marc:subfield code="x">Biografie</marc:subfield><marc:subfield code="2">Konspekt</marc:subfield><marc:subfield code="9">8</marc:subfield></marc:datafield><marc:datafield tag="080" ind1=" " ind2=" "><marc:subfield code="a">929</marc:subfield><marc:subfield code="2">MRF</marc:subfield></marc:datafield><marc:datafield tag="080" ind1=" " ind2=" "><marc:subfield code="a">355.40-051</marc:subfield><marc:subfield code="2">MRF</marc:subfield></marc:datafield><marc:datafield tag="080" ind1=" " ind2=" "><marc:subfield code="a">351.746.1</marc:subfield><marc:subfield code="2">MRF</marc:subfield></marc:datafield><marc:datafield tag="080" ind1=" " ind2=" "><marc:subfield code="a">94(100)&quot;1939/1945&quot;</marc:subfield><marc:subfield code="2">MRF</marc:subfield></marc:datafield><marc:datafield tag="080" ind1=" " ind2=" "><marc:subfield code="a">(430)</marc:subfield><marc:subfield code="2">MRF</marc:subfield></marc:datafield><marc:datafield tag="080" ind1=" " ind2=" "><marc:subfield code="a">(092)</marc:subfield><marc:subfield code="2">MRF</marc:subfield></marc:datafield><marc:datafield tag="100" ind1="1" ind2=" "><marc:subfield code="a">Cílek, Roman,</marc:subfield><marc:subfield code="d">1937-</marc:subfield><marc:subfield code="7">jk01020709</marc:subfield><marc:subfield code="4">aut</marc:subfield><marc:subfield code="4">pht</marc:subfield></marc:datafield><marc:datafield tag="245" ind1="1" ind2="0"><marc:subfield code="a">Muž, jehož řemeslem byl zločin :</marc:subfield><marc:subfield code="b">tajné služby - pohled do zákulisí historie : (literatura faktu) /</marc:subfield><marc:subfield code="c">Roman Cílek ; [foto R. Cílek ... et al.]</marc:subfield></marc:datafield><marc:datafield tag="260" ind1=" " ind2=" "><marc:subfield code="a">Žďár nad Sázavou :</marc:subfield><marc:subfield code="b">Impreso Plus,</marc:subfield><marc:subfield code="c">1995</marc:subfield><marc:subfield code="e">(Žďár nad Sázavou :</marc:subfield><marc:subfield code="f">Impreso)</marc:subfield></marc:datafield><marc:datafield tag="300" ind1=" " ind2=" "><marc:subfield code="a">327 s., [63] s. fot. ;</marc:subfield><marc:subfield code="c">21 cm</marc:subfield></marc:datafield><marc:datafield tag="500" ind1=" " ind2=" "><marc:subfield code="a">Graf. úprava Zbyněk Stárek</marc:subfield></marc:datafield><marc:datafield tag="520" ind1="2" ind2=" "><marc:subfield code="a">Monografie činnosti řadového bezvýznamného německého občana, který vstoupil ve 30.letech do SS a pracoval celý život v tajných službách Říše.</marc:subfield></marc:datafield><marc:datafield tag="600" ind1="1" ind2="7"><marc:subfield code="a">Naujocks, Alfred Helmut,</marc:subfield><marc:subfield code="d">1911-1966</marc:subfield><marc:subfield code="7">jn20000701297</marc:subfield><marc:subfield code="2">czenas</marc:subfield></marc:datafield><marc:datafield tag="650" ind1="0" ind2="7"><marc:subfield code="a">druhá světová válka (1939-1945)</marc:subfield><marc:subfield code="7">ph117270</marc:subfield><marc:subfield code="z">Německo</marc:subfield><marc:subfield code="2">czenas</marc:subfield></marc:datafield><marc:datafield tag="650" ind1="0" ind2="7"><marc:subfield code="a">zpravodajské služby</marc:subfield><marc:subfield code="7">ph127677</marc:subfield><marc:subfield code="z">Německo</marc:subfield><marc:subfield code="2">czenas</marc:subfield></marc:datafield><marc:datafield tag="655" ind1=" " ind2="7"><marc:subfield code="a">literatura faktu</marc:subfield><marc:subfield code="7">fd132773</marc:subfield><marc:subfield code="2">czenas</marc:subfield></marc:datafield><marc:datafield tag="655" ind1=" " ind2="7"><marc:subfield code="a">biografie</marc:subfield><marc:subfield code="7">fd131909</marc:subfield><marc:subfield code="2">czenas</marc:subfield></marc:datafield><marc:datafield tag="700" ind1="1" ind2=" "><marc:subfield code="a">Dobiášová, Božena</marc:subfield><marc:subfield code="4">edt</marc:subfield></marc:datafield><marc:datafield tag="700" ind1="1" ind2=" "><marc:subfield code="a">Stárek, Zbyněk,</marc:subfield><marc:subfield code="d">1948-</marc:subfield><marc:subfield code="7">xx0001352</marc:subfield><marc:subfield code="4">art</marc:subfield></marc:datafield><marc:datafield tag="856" ind1="4" ind2="1"><marc:subfield code="u">http://krameriusndk.nkp.cz/search/handle/uuid:0d2e75f0-ed76-11e4-b834-005056827e51</marc:subfield><marc:subfield code="y">Digitalizovaný dokument</marc:subfield></marc:datafield><marc:datafield tag="901" ind1=" " ind2=" "><marc:subfield code="f">[1.vyd.]</marc:subfield><marc:subfield code="g">ISBN uvedeno pouze proti titulnímu listu a v tiráži - chybně: ISBN 80 85835-19-3</marc:subfield><marc:subfield code="o">19950627</marc:subfield></marc:datafield><marc:datafield tag="956" ind1="4" ind2=" "><marc:subfield code="u">http://krameriusndk.nkp.cz/search/handle/uuid:0d2e75f0-ed76-11e4-b834-005056827e51</marc:subfield><marc:subfield code="9">A</marc:subfield></marc:datafield><marc:datafield tag="990" ind1=" " ind2=" "><marc:subfield code="a">A</marc:subfield></marc:datafield><marc:datafield tag="992" ind1=" " ind2=" "><marc:subfield code="s">PA</marc:subfield><marc:subfield code="a">20200731</marc:subfield><marc:subfield code="b">batch</marc:subfield></marc:datafield><marc:datafield tag="992" ind1=" " ind2=" "><marc:subfield code="s">A</marc:subfield><marc:subfield code="a">20210201</marc:subfield><marc:subfield code="b">batch</marc:subfield></marc:datafield><marc:datafield tag="998" ind1=" " ind2=" "><marc:subfield code="a">DNT01-000119176</marc:subfield></marc:datafield></marc:record></metadata></record>