<record><header><identifier>oai:aleph-nkp.cz:DNT01-000172212</identifier><datestamp>2021-08-01T12:13:22Z</datestamp><setSpec>DNT-ALL</setSpec></header><metadata><marc:record xmlns:marc="http://www.loc.gov/MARC21/slim"
xmlns:xsi="http://www.w3.org/2001/XMLSchema-instance"
xsi:schemaLocation="http://www.loc.gov/MARC21/slim
http://www.loc.gov/standards/marcxml/schema/MARC21slim.xsd"><marc:leader>     cam a22     7a 4500</marc:leader><marc:controlfield tag="001">000172212</marc:controlfield><marc:controlfield tag="003">CZ PrDNT</marc:controlfield><marc:controlfield tag="005">20190530161307.0</marc:controlfield><marc:controlfield tag="007">ta</marc:controlfield><marc:controlfield tag="008">980819s1946    xr            000 0 cze  </marc:controlfield><marc:datafield tag="015" ind1=" " ind2=" "><marc:subfield code="a">cnb000394708</marc:subfield></marc:datafield><marc:datafield tag="035" ind1=" " ind2=" "><marc:subfield code="a">(CZ-PrSKC)001129067</marc:subfield></marc:datafield><marc:datafield tag="040" ind1=" " ind2=" "><marc:subfield code="a">ABA001</marc:subfield><marc:subfield code="b">cze</marc:subfield><marc:subfield code="c">ABA001</marc:subfield><marc:subfield code="d">ABA001</marc:subfield><marc:subfield code="d">ABD156</marc:subfield><marc:subfield code="d">ABD064</marc:subfield><marc:subfield code="9">1</marc:subfield></marc:datafield><marc:datafield tag="072" ind1=" " ind2="7"><marc:subfield code="a">27</marc:subfield><marc:subfield code="x">Křesťanství. Křesťanská církev všeobecně. Eklesiologie</marc:subfield><marc:subfield code="2">Konspekt</marc:subfield><marc:subfield code="9">5</marc:subfield></marc:datafield><marc:datafield tag="080" ind1=" " ind2=" "><marc:subfield code="a">27-282.4</marc:subfield><marc:subfield code="2">MRF</marc:subfield></marc:datafield><marc:datafield tag="100" ind1="1" ind2=" "><marc:subfield code="a">Urban, Jan Evangelista,</marc:subfield><marc:subfield code="d">1901-1991</marc:subfield><marc:subfield code="7">jk01140797</marc:subfield><marc:subfield code="4">aut</marc:subfield></marc:datafield><marc:datafield tag="245" ind1="1" ind2="0"><marc:subfield code="a">Učení víry pro vstup dospělých do Církve Kristovy /</marc:subfield><marc:subfield code="c">P. Dr. Jan Ev. Urban O. FR. M.</marc:subfield></marc:datafield><marc:datafield tag="260" ind1=" " ind2=" "><marc:subfield code="a">V Praze :</marc:subfield><marc:subfield code="b">Bohuslav Rupp,</marc:subfield><marc:subfield code="c">1946</marc:subfield><marc:subfield code="e">(v Přerově :</marc:subfield><marc:subfield code="f">Jar. Strojil)</marc:subfield></marc:datafield><marc:datafield tag="300" ind1=" " ind2=" "><marc:subfield code="a">307-[I] s. ;</marc:subfield><marc:subfield code="c">8°</marc:subfield></marc:datafield><marc:datafield tag="490" ind1="1" ind2=" "><marc:subfield code="a">Studium ;</marc:subfield><marc:subfield code="v">Sv. 1</marc:subfield></marc:datafield><marc:datafield tag="500" ind1=" " ind2=" "><marc:subfield code="a">V grafické úpravě arch. Jar. Čermáka</marc:subfield></marc:datafield><marc:datafield tag="650" ind1="0" ind2="7"><marc:subfield code="a">Židé</marc:subfield><marc:subfield code="7">ph127782</marc:subfield><marc:subfield code="2">czenas</marc:subfield></marc:datafield><marc:datafield tag="650" ind1="0" ind2="4"><marc:subfield code="a">evangelium, evangeliáře</marc:subfield></marc:datafield><marc:datafield tag="650" ind1="0" ind2="4"><marc:subfield code="a">Ježíš Kristus, christologie</marc:subfield></marc:datafield><marc:datafield tag="650" ind1="0" ind2="7"><marc:subfield code="a">katechismy</marc:subfield><marc:subfield code="7">ph138473</marc:subfield><marc:subfield code="2">czenas</marc:subfield></marc:datafield><marc:datafield tag="650" ind1="0" ind2="7"><marc:subfield code="a">katolicismus</marc:subfield><marc:subfield code="7">ph121523</marc:subfield><marc:subfield code="2">czenas</marc:subfield></marc:datafield><marc:datafield tag="830" ind1=" " ind2="0"><marc:subfield code="a">Studium</marc:subfield></marc:datafield><marc:datafield tag="990" ind1=" " ind2=" "><marc:subfield code="a">A</marc:subfield></marc:datafield><marc:datafield tag="992" ind1=" " ind2=" "><marc:subfield code="s">PA</marc:subfield><marc:subfield code="a">20210131</marc:subfield><marc:subfield code="b">batch</marc:subfield></marc:datafield><marc:datafield tag="992" ind1=" " ind2=" "><marc:subfield code="s">A</marc:subfield><marc:subfield code="a">20210801</marc:subfield><marc:subfield code="b">batch</marc:subfield></marc:datafield><marc:datafield tag="998" ind1=" " ind2=" "><marc:subfield code="a">DNT01-000172212</marc:subfield></marc:datafield></marc:record></metadata></record>