<record><header><identifier>oai:aleph-nkp.cz:DNT01-000119178</identifier><datestamp>2021-08-01T12:13:22Z</datestamp><setSpec>DNT-ALL</setSpec></header><metadata><marc:record xmlns:marc="http://www.loc.gov/MARC21/slim"
xmlns:xsi="http://www.w3.org/2001/XMLSchema-instance"
xsi:schemaLocation="http://www.loc.gov/MARC21/slim
http://www.loc.gov/standards/marcxml/schema/MARC21slim.xsd"><marc:leader>     nam a22     3a 4500</marc:leader><marc:controlfield tag="001">000119178</marc:controlfield><marc:controlfield tag="003">CZ PrDNT</marc:controlfield><marc:controlfield tag="005">20181209132658.0</marc:controlfield><marc:controlfield tag="007">ta</marc:controlfield><marc:controlfield tag="008">950222s1995    xr            ||| | cze d</marc:controlfield><marc:datafield tag="015" ind1=" " ind2=" "><marc:subfield code="a">cnb000093367</marc:subfield></marc:datafield><marc:datafield tag="020" ind1=" " ind2=" "><marc:subfield code="a">80-85830-46-9</marc:subfield><marc:subfield code="q">(Ikar. Praha ;</marc:subfield><marc:subfield code="q">váz.)</marc:subfield></marc:datafield><marc:datafield tag="020" ind1=" " ind2=" "><marc:subfield code="a">80-7176-078-1</marc:subfield><marc:subfield code="q">(Knižní klub. Praha)</marc:subfield></marc:datafield><marc:datafield tag="035" ind1=" " ind2=" "><marc:subfield code="a">(CZ-PrSKC)m0172141</marc:subfield></marc:datafield><marc:datafield tag="040" ind1=" " ind2=" "><marc:subfield code="a">Kalos</marc:subfield><marc:subfield code="b">cze</marc:subfield><marc:subfield code="d">ABA100</marc:subfield></marc:datafield><marc:datafield tag="041" ind1="1" ind2=" "><marc:subfield code="a">cze</marc:subfield><marc:subfield code="h">ger</marc:subfield></marc:datafield><marc:datafield tag="072" ind1=" " ind2="7"><marc:subfield code="a">821.112.2-3</marc:subfield><marc:subfield code="x">Německá próza, německy psaná</marc:subfield><marc:subfield code="2">Konspekt</marc:subfield><marc:subfield code="9">25</marc:subfield></marc:datafield><marc:datafield tag="080" ind1=" " ind2=" "><marc:subfield code="a">821.112.2-31</marc:subfield><marc:subfield code="2">MRF</marc:subfield></marc:datafield><marc:datafield tag="100" ind1="1" ind2=" "><marc:subfield code="a">Heller, Eva,</marc:subfield><marc:subfield code="d">1948-2008</marc:subfield><marc:subfield code="7">xx0004544</marc:subfield><marc:subfield code="4">aut</marc:subfield></marc:datafield><marc:datafield tag="245" ind1="1" ind2="0"><marc:subfield code="a">Muž, který stojí za to /</marc:subfield><marc:subfield code="c">Eva Heller ; [z němčiny přeložila Leandra Dolejší ; grafická úprava Helena Illíková ; přebal navrhla Viera Fabianová]</marc:subfield></marc:datafield><marc:datafield tag="250" ind1=" " ind2=" "><marc:subfield code="a">1. vyd.</marc:subfield></marc:datafield><marc:datafield tag="260" ind1=" " ind2=" "><marc:subfield code="a">Praha :</marc:subfield><marc:subfield code="b">Knižní klub :</marc:subfield><marc:subfield code="b">Ikar,</marc:subfield><marc:subfield code="c">1995</marc:subfield><marc:subfield code="e">(Banská Bystrica :</marc:subfield><marc:subfield code="f">Tlačiarne BB)</marc:subfield></marc:datafield><marc:datafield tag="300" ind1=" " ind2=" "><marc:subfield code="a">514 s. ;</marc:subfield><marc:subfield code="c">21 cm</marc:subfield></marc:datafield><marc:datafield tag="500" ind1=" " ind2=" "><marc:subfield code="a">Romány</marc:subfield></marc:datafield><marc:datafield tag="520" ind1="2" ind2=" "><marc:subfield code="a">Mladá bytová architektka prožívá krizi milostného vztahu a nalézá v práci při rekonstrukci hotelu jak útěchu, tak i nového partnera.</marc:subfield></marc:datafield><marc:datafield tag="520" ind1="2" ind2=" "><marc:subfield code="a">Typický ženský román, kde je málo děje a hodně detailního popisu jednak šatů, jednak bytových doplňků, kterými hrdinka zařizuje nejprve vlastní byt a posléze hotelové pokoje.</marc:subfield></marc:datafield><marc:datafield tag="650" ind1=" " ind2="7"><marc:subfield code="a">německá literatura</marc:subfield><marc:subfield code="7">ph117246</marc:subfield><marc:subfield code="2">czenas</marc:subfield></marc:datafield><marc:datafield tag="655" ind1=" " ind2="7"><marc:subfield code="a">romány</marc:subfield><marc:subfield code="7">fd133289</marc:subfield><marc:subfield code="2">czenas</marc:subfield></marc:datafield><marc:datafield tag="700" ind1="1" ind2=" "><marc:subfield code="a">Illíková, Helena</marc:subfield><marc:subfield code="7">jx20040624013</marc:subfield><marc:subfield code="4">art</marc:subfield></marc:datafield><marc:datafield tag="700" ind1="1" ind2=" "><marc:subfield code="a">Dolejší, Leandra</marc:subfield><marc:subfield code="4">trl</marc:subfield></marc:datafield><marc:datafield tag="700" ind1="1" ind2=" "><marc:subfield code="a">Fabianová, Viera</marc:subfield><marc:subfield code="7">jn19981001011</marc:subfield><marc:subfield code="4">art</marc:subfield></marc:datafield><marc:datafield tag="765" ind1="0" ind2=" "><marc:subfield code="t">Mann der&apos;s wert ist</marc:subfield><marc:subfield code="9">Česky</marc:subfield></marc:datafield><marc:datafield tag="856" ind1="4" ind2="1"><marc:subfield code="u">http://krameriusndk.nkp.cz/search/handle/uuid:ef01cc70-af16-11e2-8b87-005056827e51</marc:subfield><marc:subfield code="y">Digitalizovaný dokument</marc:subfield></marc:datafield><marc:datafield tag="956" ind1="4" ind2=" "><marc:subfield code="u">http://krameriusndk.nkp.cz/search/handle/uuid:ef01cc70-af16-11e2-8b87-005056827e51</marc:subfield><marc:subfield code="9">A</marc:subfield></marc:datafield><marc:datafield tag="990" ind1=" " ind2=" "><marc:subfield code="a">A</marc:subfield></marc:datafield><marc:datafield tag="992" ind1=" " ind2=" "><marc:subfield code="s">PA</marc:subfield><marc:subfield code="a">20200731</marc:subfield><marc:subfield code="b">batch</marc:subfield></marc:datafield><marc:datafield tag="992" ind1=" " ind2=" "><marc:subfield code="s">A</marc:subfield><marc:subfield code="a">20210201</marc:subfield><marc:subfield code="b">batch</marc:subfield></marc:datafield><marc:datafield tag="998" ind1=" " ind2=" "><marc:subfield code="a">DNT01-000119178</marc:subfield></marc:datafield></marc:record></metadata></record>