<record><header><identifier>oai:aleph-nkp.cz:DNT01-000172220</identifier><datestamp>2021-08-01T12:13:23Z</datestamp><setSpec>DNT-ALL</setSpec></header><metadata><marc:record xmlns:marc="http://www.loc.gov/MARC21/slim"
xmlns:xsi="http://www.w3.org/2001/XMLSchema-instance"
xsi:schemaLocation="http://www.loc.gov/MARC21/slim
http://www.loc.gov/standards/marcxml/schema/MARC21slim.xsd"><marc:leader>     nam a22     1  4500</marc:leader><marc:controlfield tag="001">000172220</marc:controlfield><marc:controlfield tag="003">CZ PrDNT</marc:controlfield><marc:controlfield tag="005">19980819000000.0</marc:controlfield><marc:controlfield tag="008">980819s1946    xr                  cze  </marc:controlfield><marc:datafield tag="015" ind1=" " ind2=" "><marc:subfield code="a">cnb000394726</marc:subfield></marc:datafield><marc:datafield tag="035" ind1=" " ind2=" "><marc:subfield code="a">(CZ-PrSKC)bk194603886</marc:subfield></marc:datafield><marc:datafield tag="040" ind1=" " ind2=" "><marc:subfield code="a">ABA001</marc:subfield><marc:subfield code="b">cze</marc:subfield><marc:subfield code="c">ABA001</marc:subfield><marc:subfield code="d">ABA001</marc:subfield></marc:datafield><marc:datafield tag="100" ind1="1" ind2=" "><marc:subfield code="a">Vlček, Bohumil,</marc:subfield><marc:subfield code="d">1882-1967</marc:subfield><marc:subfield code="7">jk01150086</marc:subfield><marc:subfield code="4">aut</marc:subfield></marc:datafield><marc:datafield tag="245" ind1="1" ind2="0"><marc:subfield code="a">Úprava látek :</marc:subfield><marc:subfield code="b">(Část přednášek mech. technologie textilní) /</marc:subfield><marc:subfield code="c">[Napsal] prof. Ing. Bohumil Vlček ...</marc:subfield></marc:datafield><marc:datafield tag="250" ind1=" " ind2=" "><marc:subfield code="a">Druhé rozšířené vydání</marc:subfield></marc:datafield><marc:datafield tag="260" ind1=" " ind2=" "><marc:subfield code="a">Brno :</marc:subfield><marc:subfield code="b">Čes. matice textilní,</marc:subfield><marc:subfield code="c">1946</marc:subfield><marc:subfield code="e">(v Semilech :</marc:subfield><marc:subfield code="f">Josef Glos)</marc:subfield></marc:datafield><marc:datafield tag="300" ind1=" " ind2=" "><marc:subfield code="a">94 s. ;</marc:subfield><marc:subfield code="c">8°</marc:subfield></marc:datafield><marc:datafield tag="500" ind1=" " ind2=" "><marc:subfield code="a">Z ústavu mechanické technologie textilní a papírenské Vysoké školy technické Dra Edvarda Beneše v Brně</marc:subfield></marc:datafield><marc:datafield tag="990" ind1=" " ind2=" "><marc:subfield code="a">A</marc:subfield></marc:datafield><marc:datafield tag="992" ind1=" " ind2=" "><marc:subfield code="s">PA</marc:subfield><marc:subfield code="a">20210131</marc:subfield><marc:subfield code="b">batch</marc:subfield></marc:datafield><marc:datafield tag="992" ind1=" " ind2=" "><marc:subfield code="s">A</marc:subfield><marc:subfield code="a">20210801</marc:subfield><marc:subfield code="b">batch</marc:subfield></marc:datafield><marc:datafield tag="998" ind1=" " ind2=" "><marc:subfield code="a">DNT01-000172220</marc:subfield></marc:datafield></marc:record></metadata></record>